@BOOK{Gusfield, 
title={Algorithms on Strings, Trees and Sequences: Computer Science and Computational Biology},
author={Dan Gusfield},
publisher={Cambridge University Press},
year={1997},
month={5},
edition={1},
isbn={9780521585194},
url={http://amazon.com/o/ASIN/0521585198/},
price={$96.00},
totalpages={554},
timestamp={2011.07.11},
}

@INPROCEEDINGS{Kärk,
    author = {Juha Kärkkäinen and Peter Sanders and Stefan Burkhardt},
    title = {Simple linear work suffix array construction},
    booktitle = {},
    year = {2003},
    pages = {943--955},
    publisher = {Springer}
}

@INPROCEEDINGS{Colbourn00a.c.h.:quorums,
	author = {C J Colbourn and Ling},
	title = {A.C.H.: Quorums from difference covers},
	booktitle = {Information Processing Letters 75(1–2), 9–12},
	year = {2000}
}